@article{Ogaltsov2020,
  title={Adaptive Gradient Descent for Convex and Non-Convex Stochastic Optimization},
  author={Aleksandr Ogaltsov Darina Dvinskikh Pavel Dvurechensky Alexander Gasnikov Vladimir G. Spokoiny},
  year={2020},
  howpublished = "\url{https://arxiv.org/pdf/1911.08380.pdf}"
}

@article{Hendrikx2020,
  title={Statistically Preconditioned Accelerated Gradient Method for Distributed Optimization},
  author={Hadrien Hendrikx Lin Xiao S´ebastien Bubeck Francis Bach Laurent Massouli´e},
  year={2020},
  howpublished = "\url{https://arxiv.org/pdf/2002.10726.pdf}"
}

@article{Kamzolov2020,
  title={Near-Optimal Hyperfast Second-Order Method for convex optimization and its Sliding},
  author={Dmitry Kamzolov, Alexander Gasnikov},
  year={2020},
  howpublished = "\url{https://arxiv.org/pdf/2002.09050.pdf}"
}

@article{Gower2019,
  title={SGD: General Analysis and Improved Rates},
  author={Robert M. Gower Nicolas Loizou Xun Qian Alibek Sailanbayev Egor Shulgin Peter Richtarik},
  year={2019},
  howpublished = "\url{https://arxiv.org/pdf/1901.09401.pdf}"
}

@article{Ivanova2020,
  title={Adaptive Catalyst for Smooth Convex Optimization},
  author={Anastasiya Ivanova Dmitry Pasechnyuk Dmitry Grishchenko Egor Shulgin Alexander Gasnikov},
  year={2020},
  howpublished = "\url{https://arxiv.org/pdf/1911.11271.pdf}"
}

@article{Nesterov2010,
  title={Efficiency of coordinate descent methods on huge-scale optimization problems},
  author={Yu. Nesterov},
  year={2010},
  howpublished = "\url{http://www.optimization-online.org/DB_FILE/2010/01/2527.pdf}"
}

@article{Peter2011,
  title={Iteration Complexity of Randomized Block-Coordinate Descent Methods for Minimizing a Composite Function},
  author={Peter Richtárik, Martin Takáč},
  year={2011},
  howpublished = "\url{https://arxiv.org/abs/1107.2848}"
}

@article{Xiao2014,
  title={A Proximal Stochastic Gradient Method with Progressive Variance Reduction},
  author={Lin Xiao, Tong Zhang},
  year={2014},
  howpublished = "\url{https://arxiv.org/pdf/1403.4699.pdf}"
}

@article{Ogaltsov2019,
  title={Heuristic adaptive fast gradient method in stochastic optimization tasks},
  author={Alexander Ogaltsov, Alexander Tyurin},
  year={2019},
  howpublished = "\url{https://arxiv.org/pdf/1910.04825.pdf}"
}







@book{kaczmarz1951theorie,
  title={Theorie der orthogonalreihen},
  author={Kaczmarz, Stefan and Steinhaus, Hugo and Steinhaus, Hugo},
  year={1951},
  publisher={Chelsea New York}
}

@article{gower2015randomized,
  title={Randomized iterative methods for linear systems},
  author={Gower, Robert M and Richt{\'a}rik, Peter},
  journal={SIAM Journal on Matrix Analysis and Applications},
  volume={36},
  number={4},
  pages={1660--1690},
  year={2015},
  publisher={SIAM}
}

